%%%%%%%%
%mybib
%%%%%%%%
%Intro

@article{Beard1971,
  title={A wind tunnel investigation of the rate of evaporation of small water drops falling at terminal velocity in air},
  author={Beard, KV and Pruppacher, Hans R},
  journal={Journal of the atmospheric Sciences},
  volume={28},
  number={8},
  pages={1455--1464},
  year={1971}
}

@article{White2017,
  title={Uncertainty from the choice of microphysics scheme in convection-permitting models significantly exceeds aerosol effects},
  author={White, Bethan and Gryspeerdt, Edward and Stier, Philip and Morrison, Hugh and Thompson, Gregory and Kipling, Zak},
  journal={Atmospheric Chemistry and Physics},
  volume={17},
  number={19},
  pages={12145},
  year={2017},
  publisher={Copernicus GmbH}
}

@book{ipcc2014,
  title={Climate change 2014: synthesis report. Contribution of Working Groups I, II and III to the fifth assessment report of the Intergovernmental Panel on Climate Change},
  author={Pachauri, Rajendra K and Allen, Myles R and Barros, Vicente R and Broome, John and Cramer, Wolfgang and Christ, Renate and Church, John A and Clarke, Leon and Dahe, Qin and Dasgupta, Purnamita and others},
  year={2014},
  publisher={IPCC}
}

@article{Twomey1977,
  title={The influence of pollution on the shortwave albedo of clouds},
  author={Twomey, Sean},
  journal={Journal of the atmospheric sciences},
  volume={34},
  number={7},
  pages={1149--1152},
  year={1977}
}

@article{Albrecht1989,
  title={Aerosols, cloud microphysics, and fractional cloudiness},
  author={Albrecht, Bruce A},
  journal={Science},
  volume={245},
  number={4923},
  pages={1227--1230},
  year={1989},
  publisher={American Association for the Advancement of Science}
}

@article{Pincus1994,
  title={Effect of precipitation on the albedo susceptibility of clouds in the marine boundary layer},
  author={Pincus, Robert and Baker, Marcia B},
  journal={Nature},
  volume={372},
  number={6503},
  pages={250},
  year={1994},
  publisher={Nature Publishing Group}
}

@article{Gochis2013,
author = {David Gochis and Russ Schumacher and Katja Friedrich and Nolan Doesken and Matt Kelsch and Juanzhen Sun and Kyoko Ikeda and Daniel Lindsey and Andy Wood and Brenda Dolan and Sergey Matrosov and Andrew Newman and Kelly Mahoney and Steven Rutledge and Richard Johnson and Paul Kucera and Pat Kennedy and Daniel Sempere-Torres and Matthias Steiner and Rita Roberts and Jim Wilson and Wei Yu and V. Chandrasekar and Roy Rasmussen and Amanda Anderson and Barbara Brown},
title = {The Great Colorado Flood of September 2013},
journal = {Bulletin of the American Meteorological Society},
volume = {96},
number = {9},
pages = {1461-1487},
year = {2015},
doi = {10.1175/BAMS-D-13-00241.1}
}

@article{Stevens2009,
  title={Untangling aerosol effects on clouds and precipitation in a buffered system},
  author={Stevens, Bjorn and Feingold, Graham},
  journal={Nature},
  volume={461},
  number={7264},
  pages={607},
  year={2009},
  publisher={Nature Publishing Group}
}

@article{Fan2016,
  title={Review of aerosol--cloud interactions: mechanisms, significance, and challenges},
  author={Fan, Jiwen and Wang, Yuan and Rosenfeld, Daniel and Liu, Xiaohong},
  journal={Journal of the Atmospheric Sciences},
  volume={73},
  number={11},
  pages={4221--4252},
  year={2016}
}

@article{Lau2003,
  title={Warm rain processes over tropical oceans and climate implications},
  author={Lau, KM and Wu, HT},
  journal={Geophysical Research Letters},
  volume={30},
  number={24},
  year={2003},
  publisher={Wiley Online Library}
}

@article{Knight2002,
  title={First radar echoes and the early Z DR history of Florida cumulus},
  author={Knight, Charles A and Vivekanandan, Jothiram and Lasher-Trapp, Sonia G},
  journal={Journal of the atmospheric sciences},
  volume={59},
  number={9},
  pages={1454--1472},
  year={2002}
}

@article{doi:10.1175/1520-0469(1972)029<0959:AOTSS>2.0.CO;2,
author = { Richard E.  Payne },
title = {Albedo of the Sea Surface},
journal = {Journal of the Atmospheric Sciences},
volume = {29},
number = {5},
pages = {959-970},
year = {1972},
doi = {10.1175/1520-0469(1972)029<0959:AOTSS>2.0.CO;2}
}

@Article{Chen2012,
AUTHOR = {Chen, Y.-C. and Christensen, M. W. and Xue, L. and Sorooshian, A. and Stephens, G. L. and Rasmussen, R. M. and Seinfeld, J. H.},
TITLE = {Occurrence of lower cloud albedo in ship tracks},
JOURNAL = {Atmospheric Chemistry and Physics},
VOLUME = {12},
YEAR = {2012},
NUMBER = {17},
PAGES = {8223--8235},
DOI = {10.5194/acp-12-8223-2012}
}

@article {Wang2014,
	author = {Wang, Yuan and Wang, Minghuai and Zhang, Renyi and Ghan, Steven J. and Lin, Yun and Hu, Jiaxi and Pan, Bowen and Levy, Misti and Jiang, Jonathan H. and Molina, Mario J.},
	title = {Assessing the effects of anthropogenic aerosols on Pacific storm track using a multiscale global climate model},
	volume = {111},
	number = {19},
	pages = {6894--6899},
	year = {2014},
	doi = {10.1073/pnas.1403364111},
	publisher = {National Academy of Sciences},
	journal = {Proceedings of the National Academy of Sciences}
}

@article {Voigt2016,
author = {Voigt, Aiko and Biasutti, Michela and Scheff, Jacob and Bader, Jürgen and Bordoni, Simona and Codron, Francis and Dixon, Ross D. and Jonas, Jeffrey and Kang, Sarah M. and Klingaman, Nicholas P. and Leung, Ruby and Lu, Jian and Mapes, Brian and Maroon, Elizabeth A. and McDermid, Sonali and Park, Jong-yeon and Roehrig, Romain and Rose, Brian E. J. and Russell, Gary L. and Seo, Jeongbin and Toniazzo, Thomas and Wei, Ho-Hsuan and Yoshimori, Masakazu and Vargas Zeppetello, Lucas R.},
title = {The tropical rain belts with an annual cycle and a continent model intercomparison project: TRACMIP},
journal = {Journal of Advances in Modeling Earth Systems},
volume = {8},
number = {4},
issn = {1942-2466},
doi = {10.1002/2016MS000748},
pages = {1868--1891},
keywords = {Climate dynamics, Global climate models, Tropical dynamics, rain belts, ITCZ, monsoon, model hierarchy, model intercomparison project},
year = {2016},
}

@book{TL1972,
  title={A first course in turbulence},
  author={Tennekes, Hendrik and Lumley, John Leask},
  year={1972},
  publisher={MIT press}
}

@article{Bordas2013,
   author = {Bordás, R. and Ch, Roloff and Thévenin, D. and Shaw, R. A.},
   title = {Experimental determination of droplet collision rates in turbulence},
   journal = {New Journal of Physics},
   volume = {15},
   number = {4},
   pages = {045010},
   ISSN = {1367-2630},
   year = {2013},
   type = {Journal Article}
}

@article{Friedrich2016,
author = {Friedrich, Katja and Kalina, Evan A and Aikins, Joshua and Gochis, David and Rasmussen, Roy},
title = {Precipitation and Cloud Structures of Intense Rain during the 2013 Great Colorado Flood},
journal = {Journal of Hydrometeorology},
volume = {17},
number = {1},
pages = {27-52},
year = {2016},
doi = {10.1175/JHM-D-14-0157.1}
}

@article{Xue2017,
author = {Lulin Xue and Jiwen Fan and Zachary J. Lebo and Wei Wu and Hugh Morrison and Wojciech W. Grabowski and Xia Chu and István Geresdi and Kirk North and Ronald Stenz and Yang Gao and Xiaofeng Lou and Aaron Bansemer and Andrew J. Heymsfield and Greg M. McFarquhar and Roy M. Rasmussen},
title = {Idealized Simulations of a Squall Line from the MC3E Field Campaign Applying Three Bin Microphysics Schemes: Dynamic and Thermodynamic Structure},
journal = {Monthly Weather Review},
volume = {145},
number = {12},
pages = {4789-4812},
year = {2017},
doi = {10.1175/MWR-D-16-0385.1}
}

@book{Mason1975,
  title={Clouds, rain and rainmaking},
  author={Mason, Basil John},
  year={1975},
  publisher={Cambridge University Press}
}

@article{Payne1972,
  title={Albedo of the sea surface},
  author={Payne, Richard E},
  journal={Journal of the Atmospheric Sciences},
  volume={29},
  number={5},
  pages={959--970},
  year={1972}
}

@article{Painemal2012,
  title={On the dependence of albedo on cloud microphysics over marine stratocumulus clouds regimes determined from Clouds and the Earth's Radiant Energy System (CERES) data},
  author={Painemal, David and Minnis, Patrick},
  journal={Journal of Geophysical Research: Atmospheres},
  volume={117},
  number={D6},
  year={2012},
  publisher={Wiley Online Library}
}

@article{Goke2007,
  title={Radar analysis of precipitation initiation in maritime versus continental clouds near the Florida coast: Inferences concerning the role of CCN and giant nuclei},
  author={Goke, Sabine and Ochs III, Harry T and Rauber, Robert M},
  journal={Journal of the Atmospheric Sciences},
  volume={64},
  number={10},
  pages={3695--3707},
  year={2007}
}

@article{Warner1969,
  title={The microstructure of cumulus cloud. Part I. General features of the droplet spectrum},
  author={Warner, J},
  journal={Journal of the Atmospheric Sciences},
  volume={26},
  number={5},
  pages={1049--1059},
  year={1969}
}

@article{Jiang2009,
  title={Effect of aerosol on trade cumulus cloud morphology},
  author={Jiang, Hongli and Feingold, Graham and Koren, Ilan},
  journal={Journal of Geophysical Research: Atmospheres},
  volume={114},
  number={D11},
  year={2009},
  publisher={Wiley Online Library}
}

@article{Small2009,
  title={Can aerosol decrease cloud lifetime?},
  author={Small, Jennifer D and Chuang, Patrick Y and Feingold, Graham and Jiang, Hongli},
  journal={Geophysical Research Letters},
  volume={36},
  number={16},
  year={2009},
  publisher={Wiley Online Library}
}

@article{Morrison2005,
  title={A new double-moment microphysics parameterization for application in cloud and climate models. Part I: Description},
  author={Morrison, H and Curry, JA and Khvorostyanov, VI},
  journal={Journal of the Atmospheric Sciences},
  volume={62},
  number={6},
  pages={1665--1677},
  year={2005}
}

@article{Thompson2014,
  title={A study of aerosol impacts on clouds and precipitation development in a large winter cyclone},
  author={Thompson, Gregory and Eidhammer, Trude},
  journal={Journal of the Atmospheric Sciences},
  volume={71},
  number={10},
  pages={3636--3658},
  year={2014}
}

@article{Twomey1966,
  title={Computations of rain formation by coalescence},
  author={Twomey, S},
  journal={Journal of the Atmospheric Sciences},
  volume={23},
  number={4},
  pages={405--411},
  year={1966}
}


%%%%%%%%%%%%%%%
%paper1
%%%%%%%%%%%%%%%
@book{Allen1987,
   author = {Allen, MP and Tildesley, DJ and Banavar, Jayanth R},
   title = {Computer Simulation of Liquids},
   publisher = {Oxford University Press},
   pages = {385},
   year = {1987}
}

@article{Ayala2007,
   author = {Ayala, Orlando and Grabowski, Wojciech W. and Wang, Lian-Ping},
   title = {A hybrid approach for simulating turbulent collisions of hydrodynamically-interacting particles},
   journal = {Journal of Computational Physics},
   volume = {225},
   number = {1},
   pages = {51-73},
   DOI = {http://dx.doi.org/10.1016/j.jcp.2006.11.016},
   year = {2007}
}

@article{Ayala2008a,
   author = {Ayala, Orlando and Rosa, Bogdan and Wang, Lian-Ping and Grabowski, Wojciech W.},
   title = {Effects of turbulence on the geometric collision rate of sedimenting droplets. Part 1. Results from direct numerical simulation},
   journal = {New J. Phys.},
   volume = {10},
   pages = {075015},
   year = {2008},
   doi = {10.1088/1367-2630/10/7/075015}
}

@article{Ayala2008b,
   author = {Ayala, Orlando and Rosa, Bogdan and Wang, Lian-Ping},
   title = {Effects of turbulence on the geometric collision rate of sedimenting droplets. Part 2. Theory and parameterization},
   journal = {New J. Phys.},
   volume = {10},
   pages = {075016},
   year = {2008},
   doi = {10.1088/1367-2630/10/7/075016}
}

@article{Ayala2014,
   author = {Ayala, Orlando and Parishani, Hossein and Chen, Liu and Rosa, Bogdan and Wang, Lian-Ping},
   title = {DNS of hydrodynamically interacting droplets in turbulent clouds: Parallel implementation and scalability analysis using 2D domain decomposition},
   journal = {Computer Physics Communications},
   volume = {185},
   number = {12},
   pages = {3269-3290},
   DOI = {http://dx.doi.org/10.1016/j.cpc.2014.09.005},
   year = {2014}
}


@article{Bartello1994,
   author = {Bartello, P. and Metais, Olivier and Lesieur, M.},
   title = {Coherent structures in rotating three-dimensional turbulence},
   journal = {j. Fluid Mech.},
   volume = {273},
   year = {1994},
   doi = {http://dx.doi.org/10.1017/S0022112094001837}
}

@article {Batchelor1949,
	author = {Batchelor, G. K. and Townsend, A. A.},
	title = {The Nature of Turbulent Motion at Large Wave-Numbers},
	volume = {199},
	number = {1057},
	pages = {238--255},
	year = {1949},
	doi = {10.1098/rspa.1949.0136},
	publisher = {The Royal Society},
	issn = {0080-4630},
	journal = {Proceedings of the Royal Society of London A: Mathematical, Physical and Engineering Sciences}
}

@article{Fessler1994,
   author = {Fessler, John R and Kulick, Jonathan D and Eaton, John K},
   title = {Preferential concentration of heavy particles in a turbulent channel flow},
   journal = {Phys. Fluids (1994-present)},
   volume = {6},
   pages = {3742-3749},
   year = {1994},
   doi = {10.1016/0301-9322(94)90072-8}
}

@article{Fiori2011,
   author = {Fiori, E. and Parodi, A. and Siccardi, F.},
   title = {Uncertainty in prediction of deep moist convective processes: Turbulence parameterizations, microphysics and grid-scale effects},
   journal = {Atmos. Res.},
   volume = {100},
   doi = {10.1016/j.atmosres.2010.10.003},
   pages = {447-456},
   year = {2011}
}

@article{Franklin2005,
   author = {Franklin, Charmaine N. and vaillancourt, P. A. and Yau, M. K. and Bartello, P.},
   title = {Collision Rates of Cloud Droplets in Turbulent Flow},
   journal = {J. Atmos. Sci.},
   year = {2005},
   doi = {http://dx.doi.org/10.1175/JAS3493.1}
}

@article{Franklin2007,
   author = {Franklin, Charmaine N. and Vaillancourt, Paul A. and Yau, M. K.},
   title = {Statistics and Parameterizations of the Effect of Turbulence on the Geometric Collision Kernel of Cloud Droplets},
   journal = {J. Atmos. Sci.},
   volume = {64},
   doi = {10.1175/jas3872.1},
   pages = {938-954},
   year = {2007}
}

@article{Franklin2008,
author = { Charmaine N.  Franklin },
title = {A Warm Rain Microphysics Parameterization that Includes the Effect of Turbulence},
journal = {Journal of the Atmospheric Sciences},
volume = {65},
number = {6},
pages = {1795-1816},
year = {2008},
doi = {10.1175/2007JAS2556.1}
}
@book{Frisch1995,
    author = {Frisch, Uriel},
    title = {Turbulence： the legacy of A. N. Kolmogorov},
    publisher={Cambridge university press},
    ISBN={0-521-45103-5},
    year = {1995}
}

@article{Grabowski2013,
   author = {Grabowski, Wojciech W. and Wang, Lian-Ping},
   title = {Growth of Cloud Droplets in a Turbulent Environment},
   journal = {Annu. Rev. Fluid Mech.},
   volume = {45},
   doi = {10.1146/annurev-fluid-011212-140750},
   pages = {293-324},
   year = {2013}
}


@article{Iga2011,
   author = {Iga, Shin-ichi and Tomita, Hirofumi and Tsushima, Yoko and Satoh, Masaki},
   title = {Sensitivity of Hadley Circulation to Physical Parameters and Resolution through Changing Upper-Tropospheric Ice Clouds Using a Global Cloud-System Resolving Model},
   journal = {Journal of Climate},
   volume = {24},
   doi = {10.1175/2010jcli3472.1},
   pages = {2666-2679},
   year = {2011}
}

@article{Joyce2004,
  title={CMORPH: A method that produces global precipitation estimates from passive microwave and infrared data at high spatial and temporal resolution},
  author={Joyce, Robert J and Janowiak, John E and Arkin, Phillip A and Xie, Pingping},
  journal={Journal of Hydrometeorology},
  volume={5},
  number={3},
  pages={487--503},
  year={2004},
 doi = {http://dx.doi.org/10.1175/1525-7541(2004)005%3C0487:CAMTPG%3E2.0.CO;2}
}


@article{Kodama2012,
   author = {Kodama, C. and Noda, A. T. and Satoh, M.},
   title = {An assessment of the cloud signals simulated by NICAM using ISCCP, CALIPSO, and CloudSat satellite simulators},
   journal = {J. Geophys. Res.: Atmospheres(1984-2012)},
   volume = {117},
   doi = {10.1029/2011jd017317},
   pages = {n/a-n/a},
   year = {2012}
}

@article{Machado2014,
   author = {Machado, Luiz A. T. and Silva Dias, Maria A. F. and Morales, Carlos and Fisch, Gilberto and Vila, Daniel and Albrecht, Rachel and Goodman, Steven J. and Calheiros, Alan J. P. and Biscaro, Thiago and Kummerow, Christian and Cohen, Julia and Fitzjarrald, David and Nascimento, Ernani L. and Sakamoto, Meiry S. and Cunningham, Christopher and Chaboureau, Jean-Pierre and Petersen, Walter A. and Adams, David K. and Baldini, Luca and Angelis, Carlos F. and Sapucci, Luiz F. and Salio, Paola and Barbosa, Henrique M. J. and Landulfo, Eduardo and Souza, Rodrigo A. F. and Blakeslee, Richard J. and Bailey, Jeffrey and Freitas, Saulo and Lima, Wagner F. A. and Tokay, Ali},
   title = {The Chuva Project: How Does Convection Vary across Brazil?},
   journal = {Bull. Amer. Meteor. Soc.},
   volume = {95},
   doi = {10.1175/bams-d-13-00084.1},
   pages = {1365-1380},
   year = {2014}
}

@article{Maxey1987,
   author = {Maxey, MR},
   title = {The gravitational settling of aerosol particles in homogeneous turbulence and random flow fields},
   journal = {J. Fluid Mech.},
   volume = {174},
   pages = {441-465},
   year = {1987},
   doi = {http://dx.doi.org/10.1017/S0022112087000193}
}

@article{Maxey1983,
   author = {Maxey, Martin R and Riley, James J},
   title = {Equation of motion for a small rigid sphere in a nonuniform flow},
   journal = {Phys. Fluids (1958-1988)},
   volume = {26},
   pages = {883-889},
   year = {1983},
   doi = {http://dx.doi.org/10.1063/1.864230}
}


@article{Morrison2007,
   author = {Morrison, Hugh and Grabowski, Wojciech W.},
   title = {Comparison of Bulk and Bin Warm-Rain Microphysics Models Using a Kinematic Framework},
   journal = {J. Atmos. Sci.},
   volume = {64},
   doi = {10.1175/jas3980},
   pages = {2839-2861},
   year = {2007}
}

@article{Orszag1969,
  title={Numerical methods for the simulation of turbulence},
  author={Orszag, Steven A},
  journal={Physics of Fluids (1958-1988)},
  volume={12},
  number={12},
  pages={II--250-II-257},
  year={1969},
  doi = {http://dx.doi.org/10.1063/1.1692445}
}

@article{Pinsky2004,
   author = {Pinsky, M. and Khain, A.},
   title = {Collisions of Small Drops in a Turbulent Flow. Part II: Effects of Flow Accelerations},
   journal = {J. Atmos. Sci.},
   volume = {61},
   year = {2004},
   doi = {http://dx.doi.org/10.1175/1520-0469(2004)061<1926:COSDIA>2.0.CO;2}
}

@article{Pinsky2006,
   author = {Pinsky, M. and Khain, A. and Grits, B.},
   title = {Collisions of Small Drops in a Turbulent Flow. Part III: Relative Droplet Fluxes and Swept Volumes},
   journal = {J. Atmos. Sci.},
   volume = {63},
   year = {2006},
   doi = {http://dx.doi.org/10.1175/JAS3730.1}
}


@book{Pruppacher1997,
   author = {Pruppacher, HR and Klett, JD},
   title = {Microphysics of Clouds and Precipitation: With an Introduction to Cloud Chemistry and Cloud Electricity},
   publisher = {Kluwer Acad., Norwell, Mass},
   edition = {2nd},
   year = {1997},
   pages = {954}
}


@book{Rogers1989,
   author = {Rogers, R. R. and Yau, M. K.},
   title = {A Short Course in Cloud Physics },
   publisher = {Butterworth-Heinemann},
   edition = {3rd},
   year = {1989},
   pages = {290}
}

@article{Reade2000,
   author = {Reade, Walter C. and Collins, Lance R.},
   title = {Effect of preferential concentration on turbulent collision rates},
   journal = {Physics of Fluids (1994-present)},
   volume = {12},
   number = {10},
   pages = {2530-2540},
   DOI = {doi:http://dx.doi.org/10.1063/1.1288515},
   year = {2000}
}


@article{Rosa2011,
  title = {An accurate and efficient method for treating aerodynamic interactions of cloud droplets},
  journal = {Journal of Computational Physics },
  volume = {230},
  number = {22},
  pages = {8109 - 8133"},
  year = {2011},
  doi = {http://dx.doi.org/10.1016/j.jcp.2011.07.012},
  author = {B. Rosa and L.-P. Wang and M.R. Maxey and W.W. Grabowski}
}

@inbook{Rosa2012,
   author = {Rosa, Bogdan and Parishani, Hossein and Ayala, Orlando and Wang, Lian-Ping and Grabowski, WojciechW},
   title = {High-Resolution Simulation of Turbulent Collision of Cloud Droplets},
   booktitle = {Parallel Processing and Applied Mathematics},
   series = {Lecture Notes in Computer Science},
   publisher = {Springer Berlin Heidelberg},
   volume = {7204},
   chapter = {41},
   pages = {401-410},
   year = {2012}
}

@article{Rosa2013,
   author = {Rosa, Bogdan and Parishani, Hossein and Ayala, Orlando and Grabowski, Wojciech W. and Wang, Lian-Ping},
   title = {Kinematic and dynamic collision statistics of cloud droplets from high-resolution simulations},
   journal = {New J. Phys.},
   volume = {15},
   doi = {10.1088/1367-2630/15/4/045032},
   pages = {045032},
   year = {2013}
}

@inbook{Rosa2010,
   author = {Rosa, Bogdan and Wang, Lian-Ping},
   title = {Parallel implementation of particle tracking and collision in a turbulent flow},
   booktitle = {Parallel Processing and Applied Mathematics},
   publisher = {Springer},
   pages = {388-397},
   year = {2010}
}


@article{Saffman1956,
   author = {Saffman, P. G. and Turner, J. S.},
   title = {On the collision of drops in turbulent clouds},
   journal = {j. Fluid Mech.},
   volume = {1},
   year = {1956},
   doi = {http://dx.doi.org/10.1017/S0022112056000020 }
}

@article{Satoh2010,
   author = {Satoh, Masaki and Inoue, Toshiro and Miura, Hiroaki},
   title = {Evaluations of cloud properties of global and local cloud system resolving models using CALIPSO and CloudSat simulators},
   journal = {J. Geophys. Res.: Atmospheres (1984–2012)},
   volume = {115},
   year = {2010},
   doi = {10.1029/2009JD012247}
}


@article{Shaw1999,
   author = {Shaw, Raymond A. and Reade, Walter C. and Collins, Lance R. and Verlinde, Johannes},
   title = {Reply},
   journal = {Journal of the Atmospheric Sciences},
   volume = {56},
   doi = {10.1175/1520-0469(1999)056<1437:r>2.0.co;2},
   pages = {1437-1441},
   year = {1999}
}

@article{Squires1991,
   author = {Squires, Kyle D.  and Eaton, J. K.},
   title = {Preferential concentration of particles by turbulence},
   journal = {Phys. Fluids A: Fluid Dynamics (1989-1993)},
   volume = {3},
   doi = {10.1063/1.858045},
   pages = {1169-1178},
   year = {1991}
}

@article{Squires1958,
   author = {Squires, P},
   title = {The microstructure and colloidal stability of warm clouds},
   journal = {Tellus},
   volume = {10},
   pages = {262-271},
   year = {1958},
   doi = {10.1111/j.2153-3490.1958.tb02012.x}
}


@article{Sullivan1994,
   author = {Sullivan, Neal P and Mahalingam, Shankar and Kerr, Robert M},
   title = {Deterministic forcing of homogeneous, isotropic turbulence},
   journal = {Phys. Fluids (1994-present)},
   volume = {6},
   pages = {1612-1614},
   year = {1994},
   doi = {http://dx.doi.org/10.1063/1.868274}
}


@article{Suzuki2009,
   author = {Suzuki, Kentaroh and Stephens, Graeme L.},
   title = {Relationship between radar reflectivity and the time scale of warm rain formation in a global cloud-resolving model},
   journal = {Atmospheric Research},
   volume = {92},
   number = {4},
   pages = {411-419},
   DOI = {http://dx.doi.org/10.1016/j.atmosres.2008.12.010},
   year = {2009}
}

@article{Suzuki2011,
   author = {Suzuki, Kentaroh and Stephens, Graeme L. and van den Heever, Susan C. and Nakajima, Takashi Y.},
   title = {Diagnosis of the Warm Rain Process in Cloud-Resolving Models Using Joint CloudSat and MODIS Observations},
   journal = {Journal of the Atmospheric Sciences},
   volume = {68},
   number = {11},
   pages = {2655-2670},
   DOI = {10.1175/JAS-D-10-05026.1},
   year = {2011}
}


@article{Sundaram1997,
   author = {Sundaram, Shivshankar and Collins, Lance R.},
   title = {Collision statistics in an isotropic particle-laden turbulent suspension. Part 1. Direct numerical simulations},
   journal = {J. Fluid Mech.},
   volume = {335},
   doi = {10.1017/S0022112096004454},
   pages = {75-109},
   year = {1997}
}

@article{Szumowski1997,
   author = {Szumowski, Marcin J. and Rauber, Robert M. and Ochs, Harry T. and Miller, L. J.},
   title = {The Microphysical Structure and Evolution of Hawaiian Rainband Clouds. Part I: Radar Observations of Rainbands Containing High Reflectivity Cores},
   journal = {J. Atmos. Sci.},
   volume = {54},
   doi = {10.1175/1520-0469(1997)054<0369:tmsaeo>2.0.co;2},
   pages = {369-385},
   year = {1997}
}


@article{Vaillancourt2001,
   author = {Vaillancourt, P. A. and Yau, M. K. and Grabowski, W. W.},
   title = {Microscopic Approach to Cloud Droplet Growth by Condensation. Part I: Model Description and Results without Turbulence},
   journal = {J. Atmos. Sci.},
   volume = {58},
   doi = {10.1175/1520-0469(2001)058<1945:matcdg>2.0.co;2},
   pages = {1945-1964},
   year = {2001}
}

@article{Vaillancourt2000,
   author = {Vaillancourt, Paul A. and Yau, M. K.},
   title = {Review of Particle–Turbulence Interactions and Consequences for Cloud Physics},
   journal = {Bull. Amer. Meteor. Soc.},
   volume = {81},
   doi = {10.1175/1520-0477(2000)081<0285:ropiac>2.3.co;2},
   pages = {285-298},
   year = {2000}
}

@article{Vaillancourt2002,
   author = {Vaillancourt, P. A. and Yau, M. K. and Bartello, P. and Grabowski, W. W.},
   title = {Microscopic Approach to Cloud Droplet Growth by Condensation. Part II: Turbulence, Clustering, and Condensational Growth},
   journal = {Journal of the Atmospheric Sciences},
   volume = {59},
   doi = {10.1175/1520-0469(2002)059<3421:matcdg>2.0.co;2},
   pages = {3421-3435},
   year = {2002}
}


@article{Wang1993,
   author = {Wang, Lian-Ping and Maxey, Martin R.},
   title = {Settling velocity and concentration distribution of heavy particles in homogeneous isotropic turbulence},
   journal = {J. Fluid Mech.},
   volume = {256},
   doi = {10.1017/S0022112093002708},
   pages = {27-68},
   year = {1993}
}

@article{Wang1998a,
   author = {Wang, L. P. and Wexler, Anthony S. and Zhou, Yong},
   title = {On the collision rate of small particles in isotropic turbulence. I. Zero-inertia case},
   journal = {Phys. Fluids},
   volume = {10},
   year = {1998},
   doi = {http://dx.doi.org/10.1063/1.869565}
}

@article{Wang1998b,
   author = {Wang, Lian-Ping and Wexler, Anthony S. and Zhou, Yong},
   title = {Statistical mechanical descriptions of turbulent coagulation},
   journal = {Phys. Fluids (1994-present)},
   volume = {10},
   pages = {2647-2651},
   year = {1998},
   doi = {http://dx.doi.org/10.1063/1.869777}
}

@article{Wang2000,
   author ={Wang, Lian-Ping and Wexler, Anthony S. and Zhou, Yong},
   title = {Statistical mechanical description and modelling of turbulent collision of inertial particles},
   journal = {J. Fluid Mech.},
   volume = {415},
   doi = {10.1017/S0022112000008661},
   pages = {117-153},
   year = {2000}
}

@article{Wang2005a,
   author = {Wang, Lian-Ping and Ayala, Orlando and Grabowski, Wojciech W.},
   title = {Improved Formulations of the Superposition Method},
   journal = {Journal of the Atmospheric Sciences},
   volume = {62},
   number = {4},
   pages = {1255-1266},
   DOI = {10.1175/jas3397.1},
   year = {2005}
}

@article{Wang2005b,
author = { Lian-Ping  Wang  and  Orlando  Ayala  and  Scott E.  Kasprzak  and  Wojciech W.  Grabowski },
title = {Theoretical Formulation of Collision Rate and Collision Efficiency of Hydrodynamically Interacting Cloud Droplets in Turbulent Atmosphere},
journal = {Journal of the Atmospheric Sciences},
volume = {62},
number = {7},
pages = {2433-2450},
year = {2005},
doi = {10.1175/JAS3492.1}
}

@article{Wang2008,
   author = {Wang, Lian-Ping and Ayala, Orlando and Rosa, Bogdan and Grabowski, Wojciech W},
   title = {Turbulent collision efficiency of heavy particles relevant to cloud droplets},
   journal = {New J. Phys.},
   volume = {10},
   pages = {075013},
   year = {2008},
   doi = {10.1088/1367-2630/10/7/075013}
}


@article{Wang2009,
   author = {Wang, Lian-Ping and Grabowski, Wojciech W.},
   title = {The role of air turbulence in warm rain initiation},
   journal = {Atmospheric Science Letters},
   volume = {10},
   doi = {10.1002/asl.210},
   pages = {1-8},
   year = {2009}
}

@article{Warhaft2000,
   author = {Warhaft, Z},
   title = {Passive scalars in turbulent flows},
   journal = {Annu. Rev. Fluid Mech.},
   volume = {32},
   pages = {203-240},
   year = {2000},
   doi = {10.1146/annurev.fluid.32.1.203}
}

@article{Wyngaard1992,
   author = {Wyngaard, JC},
   title = {Atmospheric turbulence},
   journal = {Annu. Rev. Fluid Mech.},
   volume = {24},
   pages = {205-234},
   year = {1992},
   doi = {10.1146/annurev.fl.24.010192.001225}
}


@article{Wyszogrodzki2013,
   author = {Wyszogrodzki, AA and Grabowski, WW and Wang, L-P and Ayala, O},
   title = {Turbulent collision-coalescence in maritime shallow convection},
   journal = {Atmos. Chem. Phys.},
   volume = {13},
   pages = {8471-8487},
   year = {2013},
   doi = {10.5194/acp-13-8471-2013}
}

@article{Xue2008,
   author = {Xue, Yan and Wang, Lian-Ping and Grabowski, Wojciech W.},
   title = {Growth of Cloud Droplets by Turbulent Collision–Coalescence},
   journal = {Journal of the Atmospheric Sciences},
   volume = {65},
   number = {2},
   pages = {331-356},
   DOI = {10.1175/2007jas2406.1},
   year = {2008}
}

@article{Yeung1989,
   author = {Yeung, PK and Pope, SB},
   title = {Lagrangian statistics from direct numerical simulations of isotropic turbulence},
   journal = {J. Fluid Mech.},
   volume = {207},
   pages = {531-586},
   year = {1989},
   doi = {http://dx.doi.org/10.1017/S0022112089002697}
}

@article{Zhou2001,
   author = {Zhou, Yong and Wexler, Anthony S and Wang, Lian-Ping},
   title = {Modelling turbulent collision of bidisperse inertial particles},
   journal = {J. Fluid Mech.},
   volume = {433},
   doi = {10.1017/S0022112000003372},
   pages = {77-104},
   year = {2001}
}

@article{Hall1980,
author = { William D.  Hall },
title = {A Detailed Microphysical Model Within a Two-Dimensional Dynamic Framework: Model Description and Preliminary Results},
journal = {Journal of the Atmospheric Sciences},
volume = {37},
number = {11},
pages = {2486-2507},
year = {1980},
doi = {10.1175/1520-0469(1980)037<2486:ADMMWA>2.0.CO;2}
}

%%%%%%%%%%%%%%%%%%%

@article{Devenish2012,
   author = {Devenish, B. J. and Bartello, P. and Brenguier, J. L. and Collins, L. R. and Grabowski, W. W. and Ijzermans, R. H. A. and Malinowski, S. P. and Reeks, M. W. and Vassilicos, J. C. and Wang, L. P. and Warhaft, Z.},
   title = {Droplet growth in warm turbulent clouds},
   journal = {Quart. J. Roy. Meteor. Soc.},
   volume = {138},
   doi = {10.1002/qj.1897},
   pages = {1401-1429},
   year = {2012}
}

@article{Zaichik2003,
   author = {Zaichik, Leonid I. and Simonin, Olivier and Alipchenkov, Vladimir M.},
   title = {Two statistical models for predicting collision rates of inertial particles in homogeneous isotropic turbulence},
   journal = {Phys. Fluids (1994-present)},
   volume = {15},
   doi = {http://dx.doi.org/10.1063/1.1608014},
   pages = {2995-3005},
   year = {2003}
}


@article{Khain1997,
   author = {Khain, A. and Pinsky, M.},
   title = {Turbulence effects on the collision kernel. II: Increase of the swept volume of colliding drops},
   journal = {Quarterly Journal of the Royal Meteorological Society},
   volume = {123},
   year = {1997},
   doi = {10.1002/qj.49712354205}
}
@article{Mazin1984,
   author = {Mazin, IP and Silaeva, VI and Strunin, MA},
   title = {Turbulent fluctuations of horizontal and vertical wind and velocity components in various cloud forms},
   journal = {Izv. Atmos. Oceanic Phys},
   volume = {20},
   pages = {6-11},
   year = {1984}
}
@article{Weil1993,
   author = {Weil, Jeffrey C and Lawson, R Paul and Rodi, Alfred R},
   title = {Relative dispersion of ice crystals in seeded cumuli},
   journal = {J. Appl. Meteor.},
   volume = {32},
   pages = {1055-1073},
   year = {1993},
   doi = {http://dx.doi.org/10.1175/1520-0450(1993)032<1055:RDOICI>2.0.CO;2}
}

@book{pope2000,
  title={Turbulent flows},
  author={Pope, Stephen B},
  year={2000},
  publisher={Cambridge university press}
}

@article{Chen2006,
author = {Chen, L. and {S. Goto} and {J. C. Vassilicos}},
journal = {Journal of Fluid Mechanics},
pages = {143--154},
title = {{Turbulent clustering of stagnation points and inertial particles}},
volume = {553},
year = {2006}
}

@article{Pinsky2006,
author = {Pinsky, M and Khain, A and Grits, B},
doi = {http://dx.doi.org/10.1175/JAS3730.1},
journal = {journal of the Atmospheric Sciences},
title = {{Collisions of Small Drops in a Turbulent Flow. Part III: Relative Droplet Fluxes and Swept Volumes}},
volume = {63},
year = {2006}
}



@article {Seifert2010,
author = {Seifert, Axel and Nuijens, Louise and Stevens, Bjorn},
title = {Turbulence effects on warm-rain autoconversion in precipitating shallow convection},
journal = {Quarterly Journal of the Royal Meteorological Society},
volume = {136},
number = {652},
issn = {1477-870X},
doi = {10.1002/qj.684},
pages = {1753--1762},
year = {2010},
}

@article{Franklin2014,
  title={The effects of turbulent collision--coalescence on precipitation formation and precipitation-dynamical feedbacks in simulations of stratocumulus and shallow cumulus convection},
  author={Franklin, Charmaine N},
  journal={Atmospheric Chemistry and Physics},
  volume={14},
  number={13},
  pages={6557--6570},
  year={2014},
  publisher={Copernicus GmbH}
}

@article{Grabowski2015,
  title={Macroscopic impacts of cloud and precipitation processes on maritime shallow convection as simulated by a large eddy simulation model with bin microphysics},
  author={Grabowski, WW and Wang, L-P and Prabha, TV},
  journal={Atmospheric Chemistry and Physics},
  volume={15},
  number={2},
  pages={913--926},
  year={2015},
  publisher={Copernicus GmbH}
}

@article{Pinsky2006collision,
  title={Collisions of small drops in a turbulent flow. Part III: Relative droplet fluxes and swept volumes},
  author={Pinsky, MB and Khain, AP and Grits, B and Shapiro, M},
  journal={Journal of the atmospheric sciences},
  volume={63},
  number={8},
  pages={2123--2139},
  year={2006}
}

@article{Benmoshe2014,
  title={The effects of turbulence on the microphysics of mixed-phase deep convective clouds investigated with a 2-D cloud model with spectral bin microphysics},
  author={Benmoshe, N and Khain, AP},
  journal={Journal of Geophysical Research: Atmospheres},
  volume={119},
  number={1},
  pages={207--221},
  year={2014},
  publisher={Wiley Online Library}
}

@inproceedings{Amdahl1967,
  title={Validity of the single processor approach to achieving large scale computing capabilities},
  author={Amdahl, Gene M},
  booktitle={Proceedings of the April 18-20, 1967, spring joint computer conference},
  pages={483--485},
  year={1967},
  organization={ACM}
}

@article{Kolmogorov1962,
  title={A refinement of previous hypotheses concerning the local structure of turbulence in a viscous incompressible fluid at high Reynolds number},
  author={Kolmogorov, Andrey Nikolaevich},
  journal={Journal of Fluid Mechanics},
  volume={13},
  number={1},
  pages={82--85},
  year={1962},
  publisher={Cambridge University Press}
}

@article{Siebert2010,
  title={Statistics of small-scale velocity fluctuations and internal intermittency in marine stratocumulus clouds},
  author={Siebert, H and Shaw, RA and Warhaft, Z},
  journal={Journal of the Atmospheric Sciences},
  volume={67},
  number={1},
  pages={262--273},
  year={2010}
}

@Article{Siebert2013,
AUTHOR = {Siebert, H. and Beals, M. and Bethke, J. and Bierwirth, E. and Conrath, T. and Dieckmann, K. and Ditas, F. and Ehrlich, A. and Farrell, D. and Hartmann, S. and Izaguirre, M. A. and Katzwinkel, J. and Nuijens, L. and Roberts, G. and Sch\"afer, M. and Shaw, R. A. and Schmeissner, T. and Serikov, I. and Stevens, B. and Stratmann, F. and Wehner, B. and Wendisch, M. and Werner, F. and Wex, H.},
TITLE = {The fine-scale structure of the trade wind cumuli over Barbados - an introduction to the CARRIBA project},
JOURNAL = {Atmospheric Chemistry and Physics},
VOLUME = {13},
YEAR = {2013},
NUMBER = {19},
PAGES = {10061--10077},
DOI = {10.5194/acp-13-10061-2013}
}


@article{Twomey1959,
  title={The nuclei of natural cloud formation part II: The supersaturation in natural clouds and the variation of cloud droplet concentration},
  author={Twomey, S},
  journal={Geofisica pura e applicata},
  volume={43},
  number={1},
  pages={243--249},
  year={1959},
  publisher={Springer}
}

@article{Bennartz2007,
  title={Global assessment of marine boundary layer cloud droplet number concentration from satellite},
  author={Bennartz, Ralf},
  journal={Journal of Geophysical Research: Atmospheres},
  volume={112},
  number={D2},
  year={2007},
  publisher={Wiley Online Library}
}

@article{Leaitch1992,
  title={The relationship between cloud droplet number concentrations and anthropogenic pollution: Observations and climatic implications},
  author={Leaitch, WR and Isaac, GA and Strapp, JW and Banic, CM and Wiebe, HA},
  journal={Journal of Geophysical Research: Atmospheres},
  volume={97},
  number={D2},
  pages={2463--2474},
  year={1992},
  publisher={Wiley Online Library}
}
@inproceedings{Hu1997,
  title={Effect of inertia on the particle collision coefficient in Gaussian turbulence},
  author={Hu, C and Mei, R},
  booktitle={CDROM Proceedings, ASME Fluid Engineering Div. Summer Meeting},
  year={1997}
}


@article{Siebert2017,
  title={Supersaturation fluctuations during the early stage of cumulus formation},
  author={Siebert, Holger and Shaw, Raymond A},
  journal={Journal of the Atmospheric Sciences},
  volume={74},
  number={4},
  pages={975--988},
  year={2017}
}

@article{Witte2017,
  title={Estimating collision-coalescence rates from in situ observations of marine stratocumulus},
  author={Witte, Mikael K and Ayala, Orlando and Wang, Lian-Ping and Bott, Andreas and Chuang, Patrick Y},
  journal={Quarterly Journal of the Royal Meteorological Society},
  year={2017},
  publisher={Wiley Online Library}
}


%%%%%%%%%%%%%%%%%%%%%%%%%%%%%%%%%%%%%%%%%%%%%%%%%%%%%%%%%%%%%%%%%%

%paper2

@article{Stevens2016,
	author = {Bjorn Stevens and David Farrell and Lutz Hirsch and Friedhelm Jansen and Louise Nuijens and Ilya Serikov and Björn Brügmann and Marvin Forde and Holger Linne and Katrin Lonitz and Joseph M. Prospero},
	title = {The Barbados Cloud Observatory: Anchoring Investigations of Clouds and Circulation on the Edge of the ITCZ},
	journal = {Bull. Amer. Meteor. Soc.},
	volume = {97},
	number = {5},
	pages = {787-801},
	year = {2016},
	doi = {10.1175/BAMS-D-14-00247.1}

}

@article {Khain2013,
	author = {Khain, A. and Prabha, Thara V. and Benmoshe, Nir and Pandithurai, G. and Ovchinnikov, M.},
	title = {The mechanism of first raindrops formation in deep convective clouds},
	journal = {Journal of Geophysical Research: Atmospheres},
	volume = {118},
	number = {16},
	doi = {10.1002/jgrd.50641},
	pages = {9123--9140},
	year = {2013}
}

@article{Jonas1996,
	title = "Turbulence and cloud microphysics",
	journal = "Atmospheric Research",
	volume = "40",
	number = "2",
	pages = "283 - 306",
	year = "1996",
	issn = "0169-8095",
	doi = "http://dx.doi.org/10.1016/0169-8095(95)00035-6",
	author = "P.R. Jonas",

}

@article{Pinsky1997,
	title = "Turbulence effects on droplet growth and size distribution in clouds—A review",
	journal = "Journal of Aerosol Science",
	volume = "28",
	number = "7",
	pages = "1177 - 1214",
	year = "1997",
	issn = "0021-8502",
	doi = "http://dx.doi.org/10.1016/S0021-8502(97)00005-0",
	author = "M.B. Pinsky and A.P. Khain",

}


@article{Almeida1979,
	author = { Fausto Carlos  de Almeida },
	title = {The Collisional Problem of Cloud Droplets Moving in a Turbulent Environment–Part II: Turbulent Collision Efficiencies},
	journal = {Journal of the Atmospheric Sciences},
	volume = {36},
	number = {8},
	pages = {1564-1576},
	year = {1979},
	doi = {10.1175/1520-0469(1979)036<1564:TCPOCD>2.0.CO;2}
}


@article{Pinsky2007,
	author = { M. B.  Pinsky  and  A. P.  Khain  and  M.  Shapiro },
	title = {Collisions of Cloud Droplets in a Turbulent Flow. Part IV: Droplet Hydrodynamic Interaction},
	journal = {Journal of the Atmospheric Sciences},
	volume = {64},
	number = {7},
	pages = {2462-2482},
	year = {2007},
	doi = {10.1175/JAS3952.1}
}

@article{Pinsky2008,
   author = {Pinsky, M. and Khain, A. and Krugliak, H.},
   title = {Collisions of Cloud Droplets in a Turbulent Flow. Part V: Application of Detailed Tables of Turbulent Collision Rate Enhancement to Simulation of Droplet Spectra Evolution},
   journal = {Journal of the Atmospheric Sciences},
   volume = {65},
   number = {2},
   pages = {357-374},
   DOI = {10.1175/2007JAS2358.1},
   year = {2008},
   type = {Journal Article}
}


@article{Koziol1996,
author = { A. S.  Koziol  and  H. G.  Leighton },
title = {The Effect of Turbulence on the Collision Rates of Small Cloud Drops},
journal = {Journal of the Atmospheric Sciences},
volume = {53},
number = {13},
pages = {1910-1920},
year = {1996},
doi = {10.1175/1520-0469(1996)053<1910:TEOTOT>2.0.CO;2}
}

@article{Chen2016,
	author = {Sisi Chen and Peter Bartello and M. K. Yau and P. A. Vaillancourt and Kevin Zwijsen},
	title = {Cloud Droplet Collisions in Turbulent Environment: Collision Statistics and Parameterization},
	journal = {Journal of the Atmospheric Sciences},
	volume = {73},
	number = {2},
	pages = {621-636},
	year = {2016},
	doi = {10.1175/JAS-D-15-0203.1}
}

@article{Beard2002,
	author = { Kenneth V.  Beard  and  Russell I.  Durkee  and  Harry T.  Ochs III },
	title = {Coalescence Efficiency Measurements for Minimally Charged Cloud Drops},
	journal = {Journal of the Atmospheric Sciences},
	volume = {59},
	number = {2},
	pages = {233-243},
	year = {2002},
	doi = {10.1175/1520-0469(2002)059<0233:CEMFMC>2.0.CO;2}
}


@article{Raga1990,
author = { Graciela B.  Raga  and  Jørgen B.  Jensen  and  Marcia B.  Baker },
title = {Characteristics of Cumulus Band Clouds off the Coast of Hawaii},
journal = {Journal of the Atmospheric Sciences},
volume = {47},
number = {3},
pages = {338-356},
year = {1990},
doi = {10.1175/1520-0469(1990)047<0338:COCBCO>2.0.CO;2}
}

@article{Riemer2005,
author = { N.  Riemer  and  A. S.  Wexler },
title = {Droplets to Drops by Turbulent Coagulation},
journal = {Journal of the Atmospheric Sciences},
volume = {62},
number = {6},
pages = {1962-1975},
year = {2005},
doi = {10.1175/JAS3431.1}
}
%%%%%%%%%%%%%%%%%%%%%%%%%%%%%%%%%%%%%%%%%%%%%%%%%%%%%%%%%%%
%%paper3

@article{BC2001,
author = { Jean-Louis  Brenguier  and  Laure  Chaumat },
title = {Droplet Spectra Broadening in Cumulus Clouds. Part I: Broadening in Adiabatic Cores},
journal = {J. Atmos. Sci.},
volume = {58},
number = {6},
pages = {628-641},
year = {2001}
}

@article{johnson1982,
  title={The role of giant and ultragiant aerosol particles in warm rain initiation},
  author={Johnson, David B},
  journal={J. Atmos. Sci.},
  volume={39},
  number={2},
  pages={448--460},
  year={1982}
}

@article{blyth2003,
  title={The role of giant and ultragiant nuclei in the formation of early radar echoes in warm cumulus clouds},
  author={Blyth, Alan M and Lasher-Trapp, Sonia G and Cooper, William A and Knight, Charles A and Latham, John},
  journal={J. Atmos. Sci.},
  volume={60},
  number={21},
  pages={2557--2572},
  year={2003}
}

@article{Jensen2017,
  title={Condensational Growth of Drops Formed on Giant Sea-Salt Aerosol Particles},
  author={Jensen, J{\o}rgen B and Nugent, Alison D},
  journal={J. Atmos. Sci.},
  volume={74},
  number={3},
  pages={679--697},
  year={2017}
}

@article{baker1980,
  title={The influence of entrainment on the evolution of cloud droplet spectra: I. A model of inhomogeneous mixing},
  author={Baker, MB and Corbin, RG and Latham, J},
  journal={Quart. J. Roy. Meteor. Soc.},
  volume={106},
  number={449},
  pages={581--598},
  year={1980},
  publisher={Wiley Online Library}
}

@article{lasher2005,
  title={Broadening of droplet size distributions from entrainment and mixing in a cumulus cloud},
  author={Lasher-trapp, Sonia G and Cooper, William A and Blyth, Alan M},
  journal={Quart. J. Roy. Meteor. Soc.},
  volume={131},
  number={605},
  pages={195--220},
  year={2005},
  publisher={Wiley Online Library}
}

@article{cooper1989,
  title={Effects of variable droplet growth histories on droplet size distributions. Part I: Theory},
  author={Cooper, William A},
  journal={J. Atmos. Sci.},
  volume={46},
  number={10},
  pages={1301--1311},
  year={1989}
}

@article{cooper2013,
  title={The influence of entrainment and mixing on the initial formation of rain in a warm cumulus cloud},
  author={Cooper, William A and Lasher-Trapp, Sonia G and Blyth, Alan M},
  journal={J. Atmos. Sci.},
  volume={70},
  number={6},
  pages={1727--1743},
  year={2013}
}

@article{grabowski2017,
  title={Broadening of Cloud Droplet Spectra through Eddy Hopping: Turbulent Adiabatic Parcel Simulations},
  author={Grabowski, Wojciech W and Abade, Gustavo C},
  journal={J. Atmos. Sci.},
  volume={74},
  number={5},
  pages={1485--1493},
  year={2017}
}

@article{Onishi2016,
  title={Reynolds-number dependence of turbulence enhancement on collision growth},
  author={Onishi, Ryo and Seifert, Axel},
  journal={Atmospheric Chemistry and Physics},
  volume={16},
  number={19},
  pages={12441--12455},
  year={2016},
  publisher={Copernicus GmbH}
}

@article{Onishi2013,
  title={An efficient parallel simulation of interacting inertial particles in homogeneous isotropic turbulence},
  author={Onishi, Ryo and Takahashi, Keiko and Vassilicos, John Christos},
  journal={Journal of Computational Physics},
  volume={242},
  pages={809--827},
  year={2013},
  publisher={Elsevier}
}

@article{Chen2018,
author = {Sisi Chen and M. K. Yau and Peter Bartello},
title = {Turbulence effects of collision efficiency and broadening of droplet size distribution in cumulus clouds},
journal = {J. Atmos. Sci.},
doi = {10.1175/JAS-D-17-0123.1},
year = {2018}
}


@article{Lanotte2009,
   author = {Lanotte, Alessandra S. and Seminara, Agnese and Toschi, Federico},
   title = {Cloud Droplet Growth by Condensation in Homogeneous Isotropic Turbulence},
   journal = {J. Atmos. Sci.},
   volume = {66},
   number = {6},
   pages = {1685-1697},
   year = {2009}
}
@article{Sardina2015,
   author = {Sardina, G. and Picano, F. and Brandt, L. and Caballero, R.},
   title = {Continuous Growth of Droplet Size Variance due to Condensation in Turbulent Clouds},
   journal = {Phys Rev Lett},
   volume = {115},
   number = {18},
   pages = {184501},
   year = {2015}
}

@article{Gotoh2016,
   author = {Gotoh, Toshiyuki and Suehiro, Tamotsu and Saito, Izumi},
   title = {Continuous growth of cloud droplets in cumulus cloud},
   journal = {New J. Phys.},
   volume = {18},
   number = {4},
   pages = {043042},
   ISSN = {1367-2630},
   year = {2016},
   type = {Journal Article}
}


@book{sedunov1974,
  title={Physics of drop formation in the atmosphere},
  author={Sedunov, I.S.},
  volume={22094},
  year={1974},
  publisher={Halsted Press}
}


@article {Pawlowska2006,
author = {Pawlowska, H. and Grabowski, W. W. and Brenguier, J.-L.},
title = {Observations of the width of cloud droplet spectra in stratocumulus},
journal = {Geophys. Res. Lett.},
volume = {33},
number = {19},
issn = {1944-8007},
year = {2006}
}

@article {Prabha2012,
author = {Prabha, Thara V. and Patade, S. and Pandithurai, G. and Khain, A. and Axisa, D. and Pradeep-Kumar, P. and Maheshkumar, R. S. and Kulkarni, J. R. and Goswami, B. N.},
title = {Spectral width of premonsoon and monsoon clouds over Indo-Gangetic valley},
journal = {Journal of Geophysical Research: Atmospheres},
volume = {117},
number = {D20},
issn = {2156-2202},
year = {2012}
}

@article {GRL2017,
author = {Glienke, S. and Kostinski, A. and Fugal, J. and Shaw, R. A. and Borrmann, S. and Stith, J.},
title = {Cloud droplets to drizzle: Contribution of transition drops to microphysical and optical properties of marine stratocumulus clouds},
journal = {Geophys. Res. Lett.},
volume = {44},
number = {15},
issn = {1944-8007},
pages = {8002--8010},
year = {2017}
}

@article{Srivastava1989,
author = { R. C.  Srivastava },
title = {Growth Of Cloud Drops by Condensation: A Criticism of Currently Accepted Theory and a New Approach},
journal = {J. Atmos. Sci.},
volume = {46},
number = {7},
pages = {869-887},
year = {1989}
}
%conclusion
@article{Desai2018,
author = {N. Desai and K. K. Chandrakar and K. Chang and W. Cantrell and R. A. Shaw},
title = {Influence of Microphysical Variability on Stochastic Condensation in a Turbulent Laboratory Cloud},
journal = {Journal of the Atmospheric Sciences},
volume = {75},
number = {1},
pages = {189-201},
year = {2018},
doi = {10.1175/JAS-D-17-0158.1}
}
